@misc{ procspeed,
	title={The death of CPU scaling: From one core to many — and why we’re still stuck},
	author={Joel Hruska},
	journal={ExtremeTech},
	howpublished = {\url{http://www.extremetech.com//computing/116561-the-death-of-cpu-scaling-from-one-core-to-many-and-why-were-still-stuck}},
	note = {[Online; accessed May-2016]},
	year={2012}
}

@article{ procspeed2,
	author = {Sutter, Herb and Larus, James},
	title = {Software and the Concurrency Revolution},
	journal = {Queue},
	issue_date = {September 2005},
	volume = {3},
	number = {7},
	month = sep,
	year = {2005},
	issn = {1542-7730},
	pages = {54--62},
	numpages = {9},
	url = {http://doi.acm.org/10.1145/1095408.1095421},
	doi = {10.1145/1095408.1095421},
	acmid = {1095421},
	publisher = {ACM},
	address = {New York, NY, USA},
} 

@INPROCEEDINGS{parceive, 
	author={A. Wilhelm and B. Sharmay and R. Malakary and T. Schule and M. Gerndt}, 
	booktitle={Program Comprehension through Dynamic Analysis (PCODA), 2015 IEEE 6th International Workshop on}, 
	title={Parceive: Interactive parallelization based on dynamic analysis}, 
	year={2015}, 
	pages={1-6}, 
	keywords={C++ language;interactive systems;multiprocessing systems;parallel processing;program diagnostics;software maintenance;Parceive;automatic parallelization method;data dependencies;dynamic analysis;dynamic binary instrumentation;granularity levels;industrial applications;interactive parallelization;legacy software parallelization;multicore processors;profiling information;program tracing;Computer architecture;Databases;Encoding;Instruments;Parallel processing;Runtime;Software}, 
	doi={10.1109/PCODA.2015.7067176}, 
	month={March},
}

@inproceedings{pin,
	title={Pin: building customized program analysis tools with dynamic instrumentation},
	author={Luk, Chi-Keung and Cohn, Robert and Muth, Robert and Patil, Harish and Klauser, Artur and Lowney, Geoff and Wallace, Steven and Reddi, Vijay Janapa and Hazelwood, Kim},
	booktitle={Acm sigplan notices},
	volume={40},
	number={6},
	pages={190--200},
	year={2005},
	organization={ACM}
}

@inproceedings{pinbuffer,
	title={Improving instrumentation speed via buffering},
	author={Upton, Dan and Hazelwood, Kim and Cohn, Robert and Lueck, Greg},
	booktitle={Proceedings of the Workshop on Binary Instrumentation and Applications},
	pages={52--61},
	year={2009},
	organization={ACM}
}

@manual{inteladvisor,
	title={Getting Started with Intel Advisor},
	year={2016},
	moneth={4},
	day={28},
	organization={Intel},
	note = {\url{https://software.intel.com/en-us/get-started-with-advisor} [Online; accessed May-2016]},
}

@inproceedings{valgrind,
	title={Valgrind: a framework for heavyweight dynamic binary instrumentation},
	author={Nethercote, Nicholas and Seward, Julian},
	booktitle={ACM Sigplan notices},
	volume={42},
	number={6},
	pages={89--100},
	year={2007},
	organization={ACM}
}

@inproceedings{dyninst,
	title={Anywhere, any-time binary instrumentation},
	author={Bernat, Andrew R and Miller, Barton P},
	booktitle={Proceedings of the 10th ACM SIGPLAN-SIGSOFT workshop on Program analysis for software tools},
	pages={9--16},
	year={2011},
	organization={ACM}
}

@inproceedings{faultinject,
	title={Quantifying the accuracy of high-level fault injection techniques for hardware faults},
	author={Wei, Jiesheng and Thomas, Abu and Li, Guanpeng and Pattabiraman, Karthik},
	booktitle={Dependable Systems and Networks (DSN), 2014 44th Annual IEEE/IFIP International Conference on},
	pages={375--382},
	year={2014},
	organization={IEEE}
}

@inproceedings{dynamicstm,
	title={JudoSTM: A dynamic binary-rewriting approach to software transactional memory},
	author={Olszewski, Marek and Cutler, Jeremy and Steffan, J Gregory},
	booktitle={Proceedings of the 16th International Conference on Parallel Architecture and Compilation Techniques},
	pages={365--375},
	year={2007},
	organization={IEEE Computer Society}
}

@inproceedings{dynamicstackprotect,
	title={A Binary Rewriting Defense Against Stack based Buffer Overflow Attacks.},
	author={Prasad, Manish and Chiueh, Tzi-cker},
	booktitle={USENIX Annual Technical Conference, General Track},
	pages={211--224},
	year={2003}
}